<?xml version="1.0" encoding="UTF-8"?>
<record>
  <leader>02304nam#a2200481#c#4500</leader>
  <controlfield tag="003">DE-605</controlfield>
  <controlfield tag="005">20251012211437.0</controlfield>
  <controlfield tag="007">tu</controlfield>
  <controlfield tag="008">040608|2000####gw ####|######|||#u#ger#c</controlfield>
  <controlfield tag="001">990129109350206441</controlfield>
  <datafield tag="015" ind1=" " ind2=" ">
    <subfield code="a">01,A05,1483</subfield>
    <subfield code="2">dnb</subfield>
  </datafield>
  <datafield tag="016" ind1="7" ind2=" ">
    <subfield code="a">722575779</subfield>
    <subfield code="2">OCoLC</subfield>
  </datafield>
  <datafield tag="020" ind1=" " ind2=" ">
    <subfield code="a">3871732087</subfield>
    <subfield code="c">Pp. : DM 58.00</subfield>
    <subfield code="9">3-87173-208-7</subfield>
  </datafield>
  <datafield tag="035" ind1=" " ind2=" ">
    <subfield code="a">(DE-605)HT014041406</subfield>
  </datafield>
  <datafield tag="040" ind1=" " ind2=" ">
    <subfield code="a">61</subfield>
    <subfield code="b">ger</subfield>
    <subfield code="c">292</subfield>
    <subfield code="d">5/7</subfield>
    <subfield code="e">rakddb</subfield>
  </datafield>
  <datafield tag="041" ind1=" " ind2=" ">
    <subfield code="a">ger</subfield>
  </datafield>
  <datafield tag="044" ind1=" " ind2=" ">
    <subfield code="c">XA-DE</subfield>
  </datafield>
  <datafield tag="084" ind1=" " ind2=" ">
    <subfield code="a">46</subfield>
    <subfield code="2">z</subfield>
  </datafield>
  <datafield tag="084" ind1=" " ind2=" ">
    <subfield code="a">Köln</subfield>
    <subfield code="0">https://nwbib.de/spatial#Q365</subfield>
    <subfield code="2">nwbib</subfield>
  </datafield>
  <datafield tag="084" ind1=" " ind2=" ">
    <subfield code="a">Künstler</subfield>
    <subfield code="0">https://nwbib.de/subjects#N841070</subfield>
    <subfield code="2">nwbib</subfield>
  </datafield>
  <datafield tag="090" ind1=" " ind2=" ">
    <subfield code="a">b</subfield>
    <subfield code="h">h</subfield>
  </datafield>
  <datafield tag="245" ind1="0" ind2="0">
    <subfield code="a">Tagtraum</subfield>
  </datafield>
  <datafield tag="264" ind1=" " ind2="1">
    <subfield code="a">Stuttgart</subfield>
    <subfield code="b">Radius-Verl.</subfield>
    <subfield code="c">2000</subfield>
  </datafield>
  <datafield tag="300" ind1=" " ind2=" ">
    <subfield code="a">63 S. : zahlr. Ill.</subfield>
  </datafield>
  <datafield tag="361" ind1="1" ind2=" ">
    <subfield code="5">DE-38</subfield>
    <subfield code="s">LYR2497</subfield>
    <subfield code="o">Vorbesitz</subfield>
    <subfield code="a">Schultze, Bernard</subfield>
    <subfield code="0">(DE-588)118611429</subfield>
    <subfield code="f">Autogramm</subfield>
    <subfield code="z">Details: Autogramm "Bernard Schultze"</subfield>
  </datafield>
  <datafield tag="361" ind1="1" ind2=" ">
    <subfield code="5">DE-38</subfield>
    <subfield code="s">LYR2497</subfield>
    <subfield code="o">Vorbesitz</subfield>
    <subfield code="a">Haupt, Markus</subfield>
    <subfield code="0">(DE-588)122527941</subfield>
    <subfield code="f">Widmung</subfield>
    <subfield code="z">Details: Widmung "[] den einen wenigstens kenne ich, für Hans Bender, herzlichst Markus Haupt, 7.IV.2004".- Unvollst.: unvollständiger Provenienzvermerk</subfield>
  </datafield>
  <datafield tag="361" ind1="1" ind2=" ">
    <subfield code="5">DE-38</subfield>
    <subfield code="s">LYR2497</subfield>
    <subfield code="o">Vorbesitz</subfield>
    <subfield code="a">Bender, Hans</subfield>
    <subfield code="0">(DE-588)118508849</subfield>
    <subfield code="f">Widmung</subfield>
    <subfield code="z">Details: Widmung "[] den einen wenigstens kenne ich , für Hans Bender, herzlichst Markus Haupt, 7.IV. 2004".- Unvollst.: unvollständiger Provenienzvermerk</subfield>
  </datafield>
  <datafield tag="490" ind1="0" ind2=" ">
    <subfield code="a">Edition Galerie</subfield>
  </datafield>
  <datafield tag="689" ind1="0" ind2="0">
    <subfield code="a">Schultze, Bernard</subfield>
    <subfield code="d">1915-2005</subfield>
    <subfield code="t">Tagtraum</subfield>
    <subfield code="D">p</subfield>
    <subfield code="0">(DE-588)4617984-7</subfield>
    <subfield code="B">GND-960422528</subfield>
  </datafield>
  <datafield tag="965" ind1=" " ind2=" ">
    <subfield code="u">https://digitale-objekte.hbz-nrw.de/storage2/2025/08/15/file_74/9951899.pdf</subfield>
  </datafield>
  <datafield tag="035" ind1=" " ind2=" ">
    <subfield code="a">(OCoLC)722575779</subfield>
  </datafield>
  <datafield tag="035" ind1=" " ind2=" ">
    <subfield code="a">(DE-599)HBZHT014041406</subfield>
  </datafield>
  <datafield tag="960" ind1="1" ind2=" ">
    <subfield code="n">NWBib-61</subfield>
  </datafield>
  <datafield tag="964" ind1="0" ind2="s">
    <subfield code="F">030</subfield>
    <subfield code="A">a|1uar|z|||37</subfield>
  </datafield>
  <datafield tag="964" ind1="0" ind2="s">
    <subfield code="F">050</subfield>
    <subfield code="A">a|b|||||||||||</subfield>
  </datafield>
  <datafield tag="964" ind1="0" ind2="s">
    <subfield code="F">051</subfield>
    <subfield code="A">m|||z|||</subfield>
  </datafield>
  <datafield tag="856" ind1="4" ind2="2">
    <subfield code="m">B:DE-101</subfield>
    <subfield code="q">application/pdf</subfield>
    <subfield code="u">https://digitale-objekte.hbz-nrw.de/storage2/2025/08/15/file_74/9951899.pdf</subfield>
    <subfield code="3">Inhaltsverzeichnis</subfield>
    <subfield code="9">O:PKN</subfield>
  </datafield>
  <datafield tag="700" ind1="1" ind2=" ">
    <subfield code="a">Schultze, Bernard</subfield>
    <subfield code="d">1915-2005</subfield>
    <subfield code="9">O:800</subfield>
    <subfield code="0">(DE-588)118611429</subfield>
    <subfield code="4">aut</subfield>
    <subfield code="0">https://d-nb.info/gnd/118611429</subfield>
    <subfield code="0">http://viaf.org/viaf/116342077</subfield>
    <subfield code="B">GND-118611429</subfield>
  </datafield>
  <datafield tag="700" ind1="1" ind2="2">
    <subfield code="a">Schultze, Bernard</subfield>
    <subfield code="d">1915-2005</subfield>
    <subfield code="t">Miniaturen in Öl</subfield>
    <subfield code="9">O:805b</subfield>
  </datafield>
  <datafield tag="700" ind1="1" ind2=" ">
    <subfield code="a">Haupt, Markus</subfield>
    <subfield code="d">1970-</subfield>
    <subfield code="9">O:806</subfield>
    <subfield code="0">(DE-588)122527941</subfield>
    <subfield code="4">aut</subfield>
    <subfield code="0">https://d-nb.info/gnd/122527941</subfield>
    <subfield code="0">http://viaf.org/viaf/35340709</subfield>
    <subfield code="B">GND-122527941</subfield>
  </datafield>
  <datafield tag="700" ind1="1" ind2="2">
    <subfield code="a">Haupt, Markus</subfield>
    <subfield code="d">1970-</subfield>
    <subfield code="t">Gedichte</subfield>
    <subfield code="9">O:811b</subfield>
  </datafield>
  <datafield tag="655" ind1=" " ind2="7">
    <subfield code="a">Bildband</subfield>
    <subfield code="0">(DE-588)4145395-5</subfield>
    <subfield code="2">gnd-content</subfield>
  </datafield>
  <datafield tag="505" ind1="8" ind2=" ">
    <subfield code="a">Enth.: Miniaturen in Öl / Bernard Schultze. Gedichte / Markus Haupt</subfield>
    <subfield code="9">F:517b</subfield>
  </datafield>
  <datafield tag="MBD" ind1=" " ind2=" ">
    <subfield code="M">49HBZ_NETWORK</subfield>
    <subfield code="i">990129109350206441</subfield>
    <subfield code="n">HBZ Network</subfield>
  </datafield>
  <datafield tag="MBD" ind1=" " ind2=" ">
    <subfield code="M">49HBZ_ULB</subfield>
    <subfield code="i">991037165759706467</subfield>
    <subfield code="n">Universitaet Bonn</subfield>
  </datafield>
  <datafield tag="MBD" ind1=" " ind2=" ">
    <subfield code="M">49HBZ_UBK</subfield>
    <subfield code="i">991046802729706476</subfield>
    <subfield code="n">Universität Köln</subfield>
  </datafield>
  <datafield tag="MNG" ind1=" " ind2=" ">
    <subfield code="c">System</subfield>
    <subfield code="f">OTHER</subfield>
    <subfield code="i">marc21</subfield>
    <subfield code="h">20251008142234.0</subfield>
    <subfield code="l">70</subfield>
    <subfield code="k">01</subfield>
    <subfield code="e">false</subfield>
    <subfield code="d">2025-10-12 21:14:37 Europe/Berlin</subfield>
    <subfield code="g">012910935-HBZ01</subfield>
    <subfield code="j">60</subfield>
    <subfield code="a">import</subfield>
    <subfield code="b">2021-04-05 21:39:55 Europe/Berlin</subfield>
  </datafield>
  <datafield tag="H52" ind1="#" ind2=" ">
    <subfield code="b">KU</subfield>
    <subfield code="c">KU-Frei</subfield>
    <subfield code="h">R 7710/35</subfield>
    <subfield code="8">22228550360006467</subfield>
  </datafield>
  <datafield tag="HOL" ind1=" " ind2=" ">
    <subfield code="b">2023-07-24 07:04:28</subfield>
    <subfield code="8">22228550360006467</subfield>
    <subfield code="M">49HBZ_ULB</subfield>
    <subfield code="g">false</subfield>
    <subfield code="a">import</subfield>
  </datafield>
  <datafield tag="ITM" ind1=" " ind2=" ">
    <subfield code="H">22228550360006467</subfield>
    <subfield code="x">KU-Frei</subfield>
    <subfield code="f">BOOK</subfield>
    <subfield code="v">KU-Frei</subfield>
    <subfield code="X">AMO_TL2_FIX</subfield>
    <subfield code="U">2023-07-23 12:59:00 Europe/Berlin</subfield>
    <subfield code="Y">2023-07-25 08:01:39 Europe/Berlin</subfield>
    <subfield code="h">false</subfield>
    <subfield code="J">Provenienz Groll</subfield>
    <subfield code="n">R 7710/35</subfield>
    <subfield code="G">1</subfield>
    <subfield code="M">49HBZ_ULB</subfield>
    <subfield code="s">1</subfield>
    <subfield code="d">#</subfield>
    <subfield code="V">import</subfield>
    <subfield code="L">Groll 2010/707</subfield>
    <subfield code="b">KU-208976</subfield>
    <subfield code="O">SISIS-Ausleihzähler Migrationsjahr: 0 | SISIS-Ausleihzähler Vor-Migrationsjahr: 0 | SISIS-Ausleihzähler vorletztes Migrationsjahr: 0 | SISIS-Vormerkzähler Migrationsjahr: 0 | SISIS-Buchdaten-Aufnahmedatum: 2010-06-21</subfield>
    <subfield code="N">SISIS-ULBSystematik: 0 | SISIS-Magazindrucker: 0 | SISIS-Fernleihkonditionen: 3 | SISIS-Medientyp: 0 | Sigel: 5/7 | SISIS-Entleihbarkeit: X | SISIS-Zweigstelle: 58</subfield>
    <subfield code="a">23228550340006467</subfield>
    <subfield code="c">R 7710/35</subfield>
    <subfield code="W">2023-07-24 09:04:28 Europe/Berlin</subfield>
    <subfield code="u">KU</subfield>
    <subfield code="w">KU</subfield>
  </datafield>
  <datafield tag="H52" ind1=" " ind2=" ">
    <subfield code="b">38</subfield>
    <subfield code="c">38-MAG</subfield>
    <subfield code="8">22301581170006476</subfield>
  </datafield>
  <datafield tag="HOL" ind1=" " ind2=" ">
    <subfield code="b">2023-08-22 15:42:46</subfield>
    <subfield code="8">22301581170006476</subfield>
    <subfield code="M">49HBZ_UBK</subfield>
    <subfield code="g">false</subfield>
    <subfield code="a">import</subfield>
  </datafield>
  <datafield tag="ITM" ind1=" " ind2=" ">
    <subfield code="H">22301581170006476</subfield>
    <subfield code="x">38-MAG</subfield>
    <subfield code="f">BOOK</subfield>
    <subfield code="v">38-MAG</subfield>
    <subfield code="p">L</subfield>
    <subfield code="X">AMO_HBZ_FIX</subfield>
    <subfield code="U">2023-08-21 12:59:00 Europe/Berlin</subfield>
    <subfield code="Y">2023-08-24 04:52:25 Europe/Berlin</subfield>
    <subfield code="h">false</subfield>
    <subfield code="n">LYR2497</subfield>
    <subfield code="G">1</subfield>
    <subfield code="M">49HBZ_UBK</subfield>
    <subfield code="s">1</subfield>
    <subfield code="d">#</subfield>
    <subfield code="V">import</subfield>
    <subfield code="b">LYR2497</subfield>
    <subfield code="O">HBZ01: HT014041406 | Aufnahmedatum: 2017-01-17 | Klassifikation: 0</subfield>
    <subfield code="a">23301581160006476</subfield>
    <subfield code="W">2023-08-22 17:42:46 Europe/Berlin</subfield>
    <subfield code="u">38</subfield>
    <subfield code="w">38</subfield>
  </datafield>
  <datafield tag="GSI" ind1="7" ind2=" ">
    <subfield code="a">http://d-nb.info/gnd/122527941</subfield>
    <subfield code="2">uri</subfield>
    <subfield code="A">GND</subfield>
    <subfield code="B">GND-122527941</subfield>
    <subfield code="C">024</subfield>
  </datafield>
  <datafield tag="GPN" ind1="1" ind2=" ">
    <subfield code="a">Sultze, Mpernarnt</subfield>
    <subfield code="d">1915-2005</subfield>
    <subfield code="A">GND</subfield>
    <subfield code="B">GND-118611429</subfield>
    <subfield code="C">400</subfield>
  </datafield>
  <datafield tag="GPN" ind1="1" ind2=" ">
    <subfield code="a">Schultze, Bernhard</subfield>
    <subfield code="d">1915-2005</subfield>
    <subfield code="A">GND</subfield>
    <subfield code="B">GND-118611429</subfield>
    <subfield code="C">400</subfield>
  </datafield>
  <datafield tag="GSI" ind1="7" ind2=" ">
    <subfield code="a">118611429</subfield>
    <subfield code="0">http://d-nb.info/gnd/118611429</subfield>
    <subfield code="2">gnd</subfield>
    <subfield code="A">GND</subfield>
    <subfield code="B">GND-118611429</subfield>
    <subfield code="C">024</subfield>
  </datafield>
  <datafield tag="GSI" ind1="7" ind2=" ">
    <subfield code="a">4617984-7</subfield>
    <subfield code="0">http://d-nb.info/gnd/4617984-7</subfield>
    <subfield code="2">gnd</subfield>
    <subfield code="A">GND</subfield>
    <subfield code="B">GND-960422528</subfield>
    <subfield code="C">024</subfield>
  </datafield>
</record>
